% This file was created with JabRef 2.3.1.
% Encoding: ISO8859_1

@MISC{chinneck-thesis-howto,
  author = {Prof. John W. Chinneck},
  title = {How to Organize your Thesis},
  month = {Sept.},
  year = {1999},
  doi = {http://www.sce.carleton.ca/faculty/chinneck/thesis.html},
  owner = {myself},
  timestamp = {2010.04.19},
  url = {http://www.sce.carleton.ca/faculty/chinneck/thesis.html}
}

@MISC{covington-write-think-learn,
  author = {Michael A. Covington},
  title = {How to Write More Clearly, Think More Clearly, and Learn Complex
	Material More Easily},
  doi = {http://www.ai.uga.edu/mc/WriteThinkLearn.htm},
  owner = {myself},
  timestamp = {2010.04.19},
  url = {http://www.ai.uga.edu/mc/WriteThinkLearn.htm}
}

